<?xml version="1.0" encoding="UTF-8" ?>
<collection xmlns:xsi="http://www.w3.org/2001/XMLSchema-instance"
    xsi:schemaLocation="http://www.loc.gov/MARC21/slim
        http://www.loc.gov/standards/marcxml/schema/MARC21slim.xsd"
    xmlns="http://www.loc.gov/MARC21/slim">
<record>
  <leader>00227cam a2200421 i 4500</leader>
  <controlfield tag="001">b12656380</controlfield>
  <controlfield tag="003">LeBAU</controlfield>
  <controlfield tag="005">20170809</controlfield>
  <controlfield tag="008">970916s1916    ua            000 0 ara d</controlfield>
  <datafield tag="035" ind1=" " ind2=" ">
    <subfield code="a">ocn784451111</subfield>
  </datafield>
  <datafield tag="040" ind1=" " ind2=" ">
    <subfield code="a">LEAUB</subfield>
    <subfield code="b">ara</subfield>
    <subfield code="e">rda</subfield>
    <subfield code="c">LEAUB</subfield>
    <subfield code="d">LEAUB</subfield>
  </datafield>
  <datafield tag="082" ind1="0" ind2="4">
    <subfield code="a">892.7109</subfield>
    <subfield code="2">22</subfield>
  </datafield>
  <datafield tag="100" ind1="1" ind2=" ">
    <subfield code="6">880-01</subfield>
    <subfield code="a">Shinqīṭī, Muḥammad Maḥmūd,</subfield>
    <subfield code="e">author.</subfield>
  </datafield>
  <datafield tag="245" ind1="1" ind2="0">
    <subfield code="6">880-02</subfield>
    <subfield code="a">Taṣḥīḥ Kitāb al-Aghānī /</subfield>
    <subfield code="c">bi-qalam ṣafwat al-‘ulamā’ al-muḥaqqiqīn wa-‘umdat al-bāḥithīn al-mudaqqiqīn al-imām al-lughawī al-ḥujjah al-thiqah Muḥammad Maḥmūd al-Shinqīṭī ; ‘uniya bi-jam‘ihi wa-ṭab‘ihi Muḥammad ‘Abd al-Jawād al-Aṣma‘ī.</subfield>
  </datafield>
  <datafield tag="264" ind1=" " ind2="1">
    <subfield code="6">880-03</subfield>
    <subfield code="a">Miṣr :</subfield>
    <subfield code="b">Maṭbaʻat al-Jamālīyah,</subfield>
    <subfield code="c">1334 H. = 1916 M.</subfield>
  </datafield>
  <datafield tag="300" ind1=" " ind2=" ">
    <subfield code="6">880-04</subfield>
    <subfield code="a">70 pages ;</subfield>
    <subfield code="c">28 cm</subfield>
  </datafield>
  <datafield tag="336" ind1=" " ind2=" ">
    <subfield code="a">text</subfield>
    <subfield code="b">txt</subfield>
    <subfield code="2">rdacontent</subfield>
  </datafield>
  <datafield tag="337" ind1=" " ind2=" ">
    <subfield code="a">unmediated</subfield>
    <subfield code="b">n</subfield>
    <subfield code="2">rdamedia</subfield>
  </datafield>
  <datafield tag="338" ind1=" " ind2=" ">
    <subfield code="a">volume</subfield>
    <subfield code="b">nc</subfield>
    <subfield code="2">rdacarrier</subfield>
  </datafield>
  <datafield tag="500" ind1=" " ind2=" ">
    <subfield code="a">"وهي تصحيحات وزيادات وتعليقات وتكميل للفهارس منقولة عن نسخة الإمام الشنقيطي المحفوظة "بدار الكتب السلطانية" بالقاهرة، محمد عبد الجواد الأصمعي" --خلف صفحة العنوان.</subfield>
  </datafield>
  <datafield tag="600" ind1="0" ind2="4">
    <subfield code="a">ابو الفرج الاصفهاني،</subfield>
    <subfield code="d">897 او 898-967.</subfield>
    <subfield code="t">الاغاني.</subfield>
  </datafield>
  <datafield tag="600" ind1="0" ind2="0">
    <subfield code="a">Abū al-Faraj al-Iṣbahānī,</subfield>
    <subfield code="d">897 or 898-967.</subfield>
    <subfield code="t">al-Aghānī.</subfield>
  </datafield>
  <datafield tag="700" ind1="1" ind2=" ">
    <subfield code="6">880-05</subfield>
    <subfield code="a">Aṣmaʻī, Muḥammad ʻAbd al-Jawwād,</subfield>
    <subfield code="e">compiler.</subfield>
  </datafield>
  <datafield tag="787" ind1="0" ind2=" ">
    <subfield code="6">880-06</subfield>
    <subfield code="i">is supplement to (work):</subfield>
    <subfield code="t">Kitāb al-Aghānī.</subfield>
    <subfield code="b">al-Ṭab‘ah al-ūlá</subfield>
    <subfield code="d">Bayrūt, Lubnān : Dār Ṣādir, 1423 H. = 2002 M.</subfield>
    <subfield code="w">b18376769</subfield>
  </datafield>
  <datafield tag="787" ind1="0" ind2=" ">
    <subfield code="6">880-07</subfield>
    <subfield code="i">is supplement to (work):</subfield>
    <subfield code="t">Kitāb al-Aghānī</subfield>
    <subfield code="d">[Miṣr] : Dār al-Ṭibā‘ah al-‘Āmirah, 1285-1305 [H.], [1868-1887? M.]</subfield>
    <subfield code="w">(OCoLC)784451101</subfield>
    <subfield code="w">(OCoLC)784451101</subfield>
  </datafield>
  <datafield tag="852" ind1=" " ind2=" ">
    <subfield code="a">Jafet Archives and Special Collections</subfield>
    <subfield code="e">American University of Beirut, Bliss Street , Beirut, Lebanon.</subfield>
  </datafield>
  <datafield tag="880" ind1="1" ind2=" ">
    <subfield code="6">100-01/(3/r</subfield>
    <subfield code="a">الشنقيطي، محمد محمود،</subfield>
    <subfield code="e">مؤلف. </subfield>
    <subfield code="4">aut.</subfield>
  </datafield>
  <datafield tag="880" ind1="1" ind2="0">
    <subfield code="6">245-02/(3/r</subfield>
    <subfield code="a">تصحيح كتاب الاغاني /</subfield>
    <subfield code="c">بقلم صفوة العلماء المحققين وعمدة الباحثين المدققين الإمام اللغوي الحجة الثقة محمد محمود الشنقيطي ؛ عني بجمعه وطبعه محمد عبد الجواد الأصمعي.</subfield>
  </datafield>
  <datafield tag="880" ind1=" " ind2="1">
    <subfield code="6">264-03/(3/r</subfield>
    <subfield code="a">مصر :</subfield>
    <subfield code="b">مطبعة الجمالية،</subfield>
    <subfield code="c">1334 هـ. = 1916 م.</subfield>
  </datafield>
  <datafield tag="880" ind1=" " ind2=" ">
    <subfield code="6">300-04/(3/r</subfield>
    <subfield code="a">70 صفحة ؛</subfield>
    <subfield code="c">28 سم</subfield>
  </datafield>
  <datafield tag="880" ind1="1" ind2=" ">
    <subfield code="6">700-05/(3/r</subfield>
    <subfield code="a">الاصمعي، محمد عبد الجواد،</subfield>
    <subfield code="e">معد. </subfield>
    <subfield code="4">com.</subfield>
  </datafield>
  <datafield tag="880" ind1="0" ind2=" ">
    <subfield code="6">787-06/(3/r</subfield>
    <subfield code="i">ملحق لـ (عمل):</subfield>
    <subfield code="t">كتاب الأغاني.</subfield>
    <subfield code="b">الطبعة الأولى</subfield>
    <subfield code="d">بيروت، لبنان : دار صادر، 1423 هـ. = 2002 م.</subfield>
    <subfield code="w">b18376769</subfield>
  </datafield>
  <datafield tag="880" ind1="0" ind2=" ">
    <subfield code="6">787-07/(3/r</subfield>
    <subfield code="i">ملحق لـ (عمل):</subfield>
    <subfield code="t">كتاب الأغاني</subfield>
    <subfield code="d">[مصر] : دار الطباعة العامرة، 1285-1305 [هـ.]، [1868-1887. م.]</subfield>
    <subfield code="w">b1265629x</subfield>
    <subfield code="w">(OCoLC)784451101</subfield>
  </datafield>
  <datafield tag="907" ind1=" " ind2=" ">
    <subfield code="a">.b12656380</subfield>
    <subfield code="b">17-08-11</subfield>
    <subfield code="c">11-05-24</subfield>
  </datafield>
  <datafield tag="907" ind1=" " ind2=" ">
    <subfield code="a">.b12656380</subfield>
    <subfield code="b">15-10-15</subfield>
    <subfield code="c">11-05-24</subfield>
  </datafield>
  <datafield tag="945" ind1=" " ind2=" ">
    <subfield code="f">CA</subfield>
    <subfield code="a">892.7109:A2195aA:1868/1969:Suppl.:c.1</subfield>
    <subfield code="i">01065993</subfield>
    <subfield code="j">.i1318748x</subfield>
    <subfield code="l">u0304</subfield>
  </datafield>
  <datafield tag="945" ind1=" " ind2=" ">
    <subfield code="f">CA</subfield>
    <subfield code="a">892.7109:A2195aA:1868/1969:Suppl.:c.2</subfield>
    <subfield code="i">00490046</subfield>
    <subfield code="j">.i13187478</subfield>
    <subfield code="l">u0304</subfield>
  </datafield>
  <datafield tag="998" ind1=" " ind2=" ">
    <subfield code="a">u03</subfield>
    <subfield code="b">97-09-16</subfield>
    <subfield code="c">m</subfield>
    <subfield code="d">a</subfield>
    <subfield code="e">-</subfield>
    <subfield code="f">ara</subfield>
    <subfield code="g">ua </subfield>
    <subfield code="h">0</subfield>
    <subfield code="i">2</subfield>
  </datafield>
</record>
</collection>
